<?xml version="1.0" encoding="UTF-8"?><collection xmlns="http://www.loc.gov/MARC21/slim"><record><leader>00372nam--2200109-i-4500</leader><controlfield tag="001">000006590</controlfield><controlfield tag="002">20161230</controlfield><controlfield tag="005">20161230201026</controlfield><controlfield tag="008">060222s1000------------r-----000-0-eng-d</controlfield><datafield ind1=" " ind2=" " tag="245"><subfield code="a">Colloque sur les effets de masse des isotopes en chimie et en biologie. vienne, 9-13 dec., 1963. resumes des memoires</subfield></datafield><datafield ind1=" " ind2=" " tag="260"><subfield code="a">Vienne, Agence Intern.De L Energie Atom., 1963 47p</subfield></datafield><datafield ind1=" " ind2=" " tag="852"><subfield code="a">19416</subfield></datafield></record></collection>